<record><leader>00000cas a2200000 a 4500</leader><controlfield tag="001">12410578</controlfield><controlfield tag="008">850822d19851985iludn ne      0   a0eng c</controlfield><datafield ind1=" " ind2=" " tag="010"><subfield code="a">sn 85006858 </subfield></datafield><datafield ind1=" " ind2=" " tag="040"><subfield code="a">NSD</subfield><subfield code="b">eng</subfield><subfield code="c">NSD</subfield><subfield code="d">NVF</subfield><subfield code="d">OCLCQ</subfield><subfield code="d">NVF</subfield><subfield code="d">OCLCQ</subfield><subfield code="d">NVF</subfield><subfield code="d">OCLCO</subfield><subfield code="d">OCLCF</subfield><subfield code="d">OCL</subfield><subfield code="d">NVF</subfield></datafield><datafield ind1=" " ind2=" " tag="012"><subfield code="m">1</subfield></datafield><datafield ind1="1" ind2=" " tag="022"><subfield code="a">0884-6065</subfield><subfield code="l">0884-6065</subfield><subfield code="y">0746-3243</subfield><subfield code="2">1</subfield></datafield><datafield ind1="1" ind2=" " tag="029"><subfield code="a">AU@</subfield><subfield code="b">000020385594</subfield></datafield><datafield ind1=" " ind2=" " tag="032"><subfield code="a">090360</subfield><subfield code="b">USPS</subfield></datafield><datafield ind1=" " ind2=" " tag="037"><subfield code="b">Shaw/Free Press Media, Inc., 250 Williams Rd., Carpentersville, IL 60110</subfield></datafield><datafield ind1=" " ind2=" " tag="042"><subfield code="a">nsdp</subfield><subfield code="a">pcc</subfield></datafield><datafield ind1=" " ind2=" " tag="043"><subfield code="a">n-us-il</subfield></datafield><datafield ind1="0" ind2=" " tag="130"><subfield code="a">Cardunal free press (Carpentersville, Ill.)</subfield></datafield><datafield ind1=" " ind2="0" tag="222"><subfield code="a">Cardunal free press</subfield></datafield><datafield ind1="1" ind2="0" tag="245"><subfield code="a">Cardunal free press.</subfield></datafield><datafield ind1=" " ind2=" " tag="260"><subfield code="a">Carpentersville, Ill. :</subfield><subfield code="b">Shaw/Free Press Media,</subfield><subfield code="c">1985.</subfield></datafield><datafield ind1=" " ind2=" " tag="310"><subfield code="a">Daily (except Saturday and Sunday)</subfield></datafield><datafield ind1="0" ind2=" " tag="362"><subfield code="a">July 8, 1985-Dec. 31, 1985.</subfield></datafield><datafield ind1=" " ind2="0" tag="651"><subfield code="a">Carpentersville (Ill.)</subfield><subfield code="v">Newspapers.</subfield></datafield><datafield ind1=" " ind2="0" tag="651"><subfield code="a">Algonquin (Ill.)</subfield><subfield code="v">Newspapers.</subfield></datafield><datafield ind1=" " ind2="0" tag="651"><subfield code="a">East Dundee (Ill.)</subfield><subfield code="v">Newspapers.</subfield></datafield><datafield ind1=" " ind2="0" tag="651"><subfield code="a">West Dundee (Ill.)</subfield><subfield code="v">Newspapers.</subfield></datafield><datafield ind1=" " ind2="7" tag="655"><subfield code="a">Newspapers.</subfield><subfield code="2">fast</subfield><subfield code="0">(OCoLC)fst01423814</subfield></datafield><datafield ind1=" " ind2="7" tag="651"><subfield code="a">Illinois</subfield><subfield code="z">Algonquin.</subfield><subfield code="2">fast</subfield><subfield code="0">(OCoLC)fst01211969</subfield></datafield><datafield ind1=" " ind2="7" tag="651"><subfield code="a">Illinois</subfield><subfield code="z">Carpentersville.</subfield><subfield code="2">fast</subfield><subfield code="0">(OCoLC)fst01218462</subfield></datafield><datafield ind1=" " ind2="7" tag="651"><subfield code="a">Illinois</subfield><subfield code="z">East Dundee.</subfield><subfield code="2">fast</subfield><subfield code="0">(OCoLC)fst01226525</subfield></datafield><datafield ind1=" " ind2="7" tag="651"><subfield code="a">Illinois</subfield><subfield code="z">West Dundee.</subfield><subfield code="2">fast</subfield><subfield code="0">(OCoLC)fst01283554</subfield></datafield><datafield ind1=" " ind2=" " tag="752"><subfield code="a">United States</subfield><subfield code="b">Illinois</subfield><subfield code="c">Kane</subfield><subfield code="d">Carpentersville.</subfield></datafield><datafield ind1="0" ind2="0" tag="780"><subfield code="t">Cardunal free press morning herald</subfield><subfield code="x">0746-3243</subfield><subfield code="w">(DLC)sn 83002597</subfield><subfield code="w">(OCoLC)9930524</subfield></datafield><datafield ind1="0" ind2="4" tag="785"><subfield code="t">Northwest herald (Woodstock, Ill.)</subfield><subfield code="w">(DLC)sn 94054387</subfield><subfield code="w">(OCoLC)30790761</subfield></datafield></record>